@article{tjj,
  title={基于GCN孪生网络的跨语言知识图谱实体对齐方法},
  author={Li, Yujia and Tarlow, Daniel and Brockschmidt, Marc and Zemel, Richard},
  journal={arXiv preprint arXiv:1511.05493},
  year={2015}
}