% 第一章
@inproceedings{Covington2016,
	author = {Covington, Paul and Adams, Jay and Sargin, Emre},
	year = {2016},
	month = {09},
	pages = {191-198},
	title = {Deep Neural Networks for YouTube Recommendations},
	Booktitle                = {DLRS@RecSys},
	doi = {10.1145/2959100.2959190}
}

@article{Linden2003,
	title={Amazon.com recommendations: Item-to-item collaborative filtering},
	author={Linden, Greg and B.Smith and J.York .},
	journal={IEEE Internet Computing},
	volume={7},
	number={1},
	pages={76-80},
	year={2003},
}

@book{Pazzani2007,
	title={Content-based recommendation systems},
	author={Pazzani, Michael J and Billsus, Daniel},
	booktitle={The adaptive web},
	pages={325--341},
	year={2007},
	publisher={Springer}
}

@article{Mehrbakhsh2013,
	title={Collaborative Filtering Recommender Systems},
	author={Mehrbakhsh, Nilashi and Bagherifard Karamollah and Ibrahim Othman and Alizadeh Hamid and Nojeem Lasisi Ayodele and Roozegar Nazanin},
	journal={Research Journal of Applied Sciences Engineering and Technology},
	volume={5},
	number={16},
	year = {2013},
	pages={4168-4182},
}

@article{Chen2017,
	title={Attentive Collaborative Filtering: Multimedia Recommendation with Item- and Component-Level Attention},
	author={Chen, Jingyuan and Zhang, Hanwang and He, Xiangnan and Nie, Liqiang and Wei, Liu and Chua, Tat Seng},
	journal={ACM SIGIR FORUM},
	volume={51},
	pages={335-344},
	year = {2017},
}

@inproceedings{mnih2008probabilistic,
	title={Probabilistic matrix factorization},
	author={Mnih, Andriy and Salakhutdinov, Russ R},
	booktitle={Advances in neural information processing systems},
	pages={1257--1264},
	year={2008}
}

@article{koren2009,
	title={Matrix factorization techniques for recommender systems},
	author={Koren, Yehuda and Bell, Robert and Volinsky, Chris},
	journal={Computer},
	volume={42},
	number={8},
	pages={30--37},
	year={2009},
	publisher={IEEE}
}

@article{Goldberg1992Using,
	title={Using collaborative filtering to weave an information TAPESTRY},
	author={Goldberg, David and Nichols, David A. and Oki, Brian M. and Terry, Douglas B.},
	journal={Communications of the Acm},
	volume={35},
	number={12},
	pages={61-70},
	year={1992},
}

@article{Resnick1997Recommender,
	title={Recommender systems},
	author={Resnick, Paul and Varian, Hal R.},
	journal={Communications of the Acm},
	volume={40},
	number={3},
	pages={56–58},
	year={1997},
}

@inproceedings{resnick94,
	author = {Resnick, P. and Iacovou, N. and Suchak, M. and Bergstrom, P. and Riedl, J.},
	pages = {175--186},
	publisher = {ACM},
	title = {GroupLens: An Open Architecture for Collaborative
	Filtering of Netnews},
	booktitle={Proceedings of ACM conference on Computer supported cooperative work},
	year = 1994
}

@article{Sarwar2001,
	author = {Sarwar, Badrul and Karypis, George and Konstan, Joseph and Riedl, John},
	year = {2001},
	month = {08},
	pages = {},
	title = {Item-based Collaborative Filtering Recommendation Algorithms},
	volume = {1},
	journal = {Proceedings of ACM World Wide Web Conference},
	doi = {10.1145/371920.372071}
}

@article{BurkeHybrid2002,
	title={Hybrid Recommender Systems: Survey and Experiments},
	author={Burke, Robin},
	year = {2002},
	journal={User Modeling and User-Adapted Interaction},
	volume={12},
	number={4},
	pages={331-370},
}

@inproceedings{coates2011,
	title={An analysis of single-layer networks in unsupervised feature learning},
	author={Coates, Adam and Ng, Andrew and Lee, Honglak},
	booktitle={Proceedings of the fourteenth international conference on artificial intelligence and statistics},
	pages={215--223},
	year={2011}
}

@article{gomez2015,
	title={The netflix recommender system: Algorithms, business value, and innovation},
	author={Gomez-Uribe, Carlos A and Hunt, Neil},
	journal={ACM Transactions on Management Information Systems (TMIS)},
	volume={6},
	number={4},
	pages={1--19},
	year={2015},
	publisher={ACM New York, NY, USA}
}

@inproceedings{cheng2016,
	title={Wide \& deep learning for recommender systems},
	author={Cheng, Heng-Tze and Koc, Levent and Harmsen, Jeremiah and Shaked, Tal and Chandra, Tushar and Aradhye, Hrishi and Anderson, Glen and Corrado, Greg and Chai, Wei and Ispir, Mustafa and others},
	booktitle={Proceedings of the 1st workshop on deep learning for recommender systems},
	pages={7--10},
	year={2016}
}

@inproceedings{sedhain2015autorec,
	title={Autorec: Autoencoders meet collaborative filtering},
	author={Sedhain, Suvash and Menon, Aditya Krishna and Sanner, Scott and Xie, Lexing},
	booktitle={Proceedings of the 24th international conference on World Wide Web},
	pages={111--112},
	year={2015}
}

@inproceedings{strub2016hybrid,
	title={Hybrid recommender system based on autoencoders},
	author={Strub, Florian and Gaudel, Romaric and Mary, J{\'e}r{\'e}mie},
	booktitle={Proceedings of the 1st Workshop on Deep Learning for Recommender Systems},
	pages={11--16},
	year={2016}
}

@article{vincent2010stacked,
	title={Stacked denoising autoencoders: Learning useful representations in a deep network with a local denoising criterion},
	author={Vincent, Pascal and Larochelle, Hugo and Lajoie, Isabelle and Bengio, Yoshua and Manzagol, Pierre-Antoine},
	journal={Journal of machine learning research},
	volume={11},
	number={Dec},
	pages={3371--3408},
	year={2010}
}

@inproceedings{wu2016collaborative,
	title={Collaborative denoising auto-encoders for top-n recommender systems},
	author={Wu, Yao and DuBois, Christopher and Zheng, Alice X and Ester, Martin},
	booktitle={Proceedings of the Ninth ACM International Conference on Web Search and Data Mining},
	pages={153--162},
	year={2016}
}

@inproceedings{strub2015collaborative,
	title={Collaborative filtering with stacked denoising autoencoders and sparse inputs},
	author={Strub, Florian and Mary, Jeremie},
	BOOKTITLE = {NIPS Workshop on Machine Learning for eCommerce},
	pages = {1--9},
	year={2015}
}


@inproceedings{lian2018xdeepfm,
	title={xdeepfm: Combining explicit and implicit feature interactions for recommender systems},
	author={Lian, Jianxun and Zhou, Xiaohuan and Zhang, Fuzheng and Chen, Zhongxia and Xie, Xing and Sun, Guangzhong},
	booktitle={Proceedings of the 24th ACM SIGKDD International Conference on Knowledge Discovery \& Data Mining},
	pages={1754--1763},
	year={2018}
}

@inproceedings{okura2017,
	title={Embedding-based news recommendation for millions of users},
	author={Okura, Shumpei and Tagami, Yukihiro and Ono, Shingo and Tajima, Akira},
	booktitle={Proceedings of the 23rd ACM SIGKDD International Conference on Knowledge Discovery and Data Mining},
	pages={1933--1942},
	year={2017}
}

@inproceedings{davidson2010,
	title={The YouTube video recommendation system},
	author={Davidson, James and Liebald, Benjamin and Liu, Junning and Nandy, Palash and Van Vleet, Taylor and Gargi, Ullas and Gupta, Sujoy and He, Yu and Lambert, Mike and Livingston, Blake and others},
	booktitle={Proceedings of the fourth ACM conference on Recommender systems},
	pages={293--296},
	year={2010}
}

@inproceedings{guo2017,
	author    = {Huifeng Guo and
	Ruiming Tang and
	Yunming Ye and
	Zhenguo Li and
	Xiuqiang He},
	editor    = {Carles Sierra},
	title     = {DeepFM: a Factorization-Machine based Neural Network for {CTR} Prediction},
	booktitle = {Proceedings of the Twenty-Sixth International Joint Conference on
	Artificial Intelligence},
	pages     = {1725--1731},
	publisher = {ijcai.org},
	year      = {2017},	
	volume    = {1},
	doi       = {10.24963/ijcai.2017/239},
}

@inproceedings{zhang2018,
	author    = {Shuai Zhang and
	Lina Yao and
	Aixin Sun and
	Sen Wang and
	Guodong Long and
	Manqing Dong},
	editor    = {J{\'{e}}r{\^{o}}me Lang},
	title     = {NeuRec: On Nonlinear Transformation for Personalized Ranking},
	booktitle = {Proceedings of the Twenty-Seventh International Joint Conference on
	Artificial Intelligence},
	pages     = {3669--3675},
	publisher = {ijcai.org},
	volume    = {2},
	year      = {2018},
}


@inproceedings{he2017neural,
	title={Neural factorization machines for sparse predictive analytics},
	author={He, Xiangnan and Chua, Tat-Seng},
	booktitle={Proceedings of the 40th International ACM SIGIR conference on Research and Development in Information Retrieval},
	pages={355--364},
	year={2017}
}

@inproceedings{Wang2017What,
	author    = {Suhang Wang and
	Yilin Wang and
	Jiliang Tang and
	Kai Shu and
	Suhas Ranganath and
	Huan Liu},
	editor    = {Rick Barrett and
	Rick Cummings and
	Eugene Agichtein and
	Evgeniy Gabrilovich},
	title     = {What Your Images Reveal: Exploiting Visual Contents for Point-of-Interest
	Recommendation},
	booktitle = {Proceedings of the 26th International Conference on World Wide Web},
	pages     = {391--400},
	publisher = {{ACM}},
	year      = {2017},
}

@article{Horni1989kMultilayer,
	author    = {Kurt Hornik and
	Maxwell B. Stinchcombe and
	Halbert White},
	title     = {Multilayer feedforward networks are universal approximators},
	journal   = {Neural Networks},
	volume    = {2},
	number    = {5},
	pages     = {359--366},
	year      = {1989},
}

@article{dziugaite2015neural,
	author    = {Gintare Karolina Dziugaite and
	Daniel M. Roy},
	title     = {Neural Network Matrix Factorization},
	journal   = {CoRR},
	volume    = {abs/1511.06443},
	year      = {2015},
	pages     = {1--8},
	url       = {http://arxiv.org/abs/1511.06443},
	archivePrefix = {arXiv},
	eprint    = {1511.06443}
}

@article{chu2017hybrid,
	title={A hybrid recommendation system considering visual information for predicting favorite restaurants},
	author={Chu, Wei-Ta and Tsai, Ya-Lun},
	journal={World Wide Web},
	volume={20},
	number={6},
	pages={1313--1331},
	year={2017},
	publisher={Springer}
}

@inproceedings{he2016vbpr,
	author    = {Ruining He and
	Julian J. McAuley},
	editor    = {Dale Schuurmans and
	Michael P. Wellman},
	title     = {{VBPR:} Visual Bayesian Personalized Ranking from Implicit Feedback},
	booktitle = {Proceedings of the Thirtieth {AAAI} Conference on Artificial Intelligence,
	February 12-17, 2016, Phoenix, Arizona, {USA}},
	pages     = {144--150},
	publisher = {AAAI Press},
	year      = {2016}
}

@inproceedings{he2016ups,
	title={Ups and downs: Modeling the visual evolution of fashion trends with one-class collaborative filtering},
	author={He, Ruining and McAuley, Julian},
	booktitle={proceedings of the 25th international conference on world wide web},
	pages={507--517},
	year={2016}
}

@inproceedings{nguyen2017personalized,
	title={Personalized deep learning for tag recommendation},
	author={Nguyen, Hanh TH and Wistuba, Martin and Grabocka, Josif and Drumond, Lucas Rego and Schmidt-Thieme, Lars},
	booktitle={Pacific-Asia Conference on Knowledge Discovery and Data Mining},
	pages={186--197},
	year={2017},
	organization={Springer}
}

@inproceedings{lei2016comparative,
	title={Comparative deep learning of hybrid representations for image recommendations},
	author={Lei, Chenyi and Liu, Dong and Li, Weiping and Zha, Zheng-Jun and Li, Houqiang},
	booktitle={Proceedings of the IEEE Conference on Computer Vision and Pattern Recognition},
	pages={2545--2553},
	year={2016}
}

@inproceedings{zheng2017joint,
	title={Joint deep modeling of users and items using reviews for recommendation},
	author={Zheng, Lei and Noroozi, Vahid and Yu, Philip S},
	booktitle={Proceedings of the Tenth ACM International Conference on Web Search and Data Mining},
	pages={425--434},
	year={2017}
}

@inproceedings{kim2016,
	title={Convolutional matrix factorization for document context-aware recommendation},
	author={Kim, Donghyun and Park, Chanyoung and Oh, Jinoh and Lee, Sungyoung and Yu, Hwanjo},
	booktitle={Proceedings of the 10th ACM Conference on Recommender Systems},
	pages={233--240},
	year={2016}
}

@inproceedings{tuan20173d,
	title={3D convolutional networks for session-based recommendation with content features},
	author={Tuan, Trinh Xuan and Phuong, Tu Minh},
	booktitle={Proceedings of the Eleventh ACM Conference on Recommender Systems},
	pages={138--146},
	year={2017}
}

@inproceedings{salakhutdinov2007restricted,
	title={Restricted Boltzmann machines for collaborative filtering},
	author={Salakhutdinov, Ruslan and Mnih, Andriy and Hinton, Geoffrey},
	booktitle={Proceedings of the 24th international conference on Machine learning},
	pages={791--798},
	year={2007}
}

@inproceedings{georgiev2013non,
	title={A non-iid framework for collaborative filtering with restricted boltzmann machines},
	author={Georgiev, Kostadin and Nakov, Preslav},
	booktitle={International conference on machine learning},
	pages={1148--1156},
	year={2013}
}

@inproceedings{salakhutdinov2009deep,
	title={Deep boltzmann machines},
	author={Salakhutdinov, Ruslan and Hinton, Geoffrey},
	booktitle={Artificial intelligence and statistics},
	pages={448--455},
	year={2009}
}

@inproceedings{liu2015item,
	title={Item category aware conditional restricted boltzmann machine based recommendation},
	author={Liu, Xiaomeng and Ouyang, Yuanxin and Rong, Wenge and Xiong, Zhang},
	booktitle={International Conference on Neural Information Processing},
	pages={609--616},
	year={2015},
	organization={Springer}
}

@inproceedings{wu2016personal,
	title={Personal recommendation using deep recurrent neural networks in NetEase},
	author={Wu, Sai and Ren, Weichao and Yu, Chengchao and Chen, Gang and Zhang, Dongxiang and Zhu, Jingbo},
	booktitle={2016 IEEE 32nd international conference on data engineering (ICDE)},
	pages={1218--1229},
	year={2016},
	organization={IEEE}
}

@inproceedings{hidasi2015session,
	author    = {Bal{\'{a}}zs Hidasi and
	Alexandros Karatzoglou and
	Linas Baltrunas and
	Domonkos Tikk},
	editor    = {Yoshua Bengio and
	Yann LeCun},
	title     = {Session-based Recommendations with Recurrent Neural Networks},
	booktitle = {4th International Conference on Learning Representations},
	year      = {2016},
	url       = {http://arxiv.org/abs/1511.06939}
}


@inproceedings{quadrana2017personalizing,
	title={Personalizing session-based recommendations with hierarchical recurrent neural networks},
	author={Quadrana, Massimo and Karatzoglou, Alexandros and Hidasi, Bal{\'a}zs and Cremonesi, Paolo},
	booktitle={Proceedings of the Eleventh ACM Conference on Recommender Systems},
	pages={130--137},
	year={2017}
}

@inproceedings{tan2016improved,
	title={Improved recurrent neural networks for session-based recommendations},
	author={Tan, Yong Kiam and Xu, Xinxing and Liu, Yong},
	booktitle={Proceedings of the 1st Workshop on Deep Learning for Recommender Systems},
	pages={17--22},
	year={2016}
}

@inproceedings{li2016hashtag,
	title={Hashtag recommendation with topical attention-based LSTM},
	author={Li, Yang and Liu, Ting and Jiang, Jing and Zhang, Liang},
	year={2016},
	pages={3019--3029},
	booktitle = {26th International Conference on Computational Linguistics},
	organization={Coling}
}

@inproceedings{gong2016hashtag,
	title={Hashtag recommendation using attention-based convolutional neural network.},
	author={Gong, Yuyun and Zhang, Qi},
	booktitle={IJCAI},
	pages={2782--2788},
	year={2016}
}

@article{zhang2018next,
	author    = {Shuai Zhang and
	Yi Tay and
	Lina Yao and
	Aixin Sun},
	title     = {Next Item Recommendation with Self-Attention},
	journal   = {CoRR},
	volume    = {abs/1808.06414},
	year      = {2018},
	url       = {http://arxiv.org/abs/1808.06414},
	archivePrefix = {arXiv},
	eprint    = {1808.06414}
}

@inproceedings{zhou2018atrank,
	title={Atrank: An attention-based user behavior modeling framework for recommendation},
	author={Zhou, Chang and Bai, Jinze and Song, Junshuai and Liu, Xiaofei and Zhao, Zhengchao and Chen, Xiusi and Gao, Jun},
	pages     = {4564--4571},
	booktitle={Thirty-Second AAAI Conference on Artificial Intelligence},
	year={2018}
}

@inproceedings{chorowski2015attention,
	title={Attention-based models for speech recognition},
	author={Chorowski, Jan K and Bahdanau, Dzmitry and Serdyuk, Dmitriy and Cho, Kyunghyun and Bengio, Yoshua},
	booktitle={Advances in neural information processing systems},
	pages={577--585},
	year={2015}
}

@inproceedings{vaswani2017attention,
	title={Attention is all you need},
	author={Vaswani, Ashish and Shazeer, Noam and Parmar, Niki and Uszkoreit, Jakob and Jones, Llion and Gomez, Aidan N and Kaiser, {\L}ukasz and Polosukhin, Illia},
	booktitle={Advances in neural information processing systems},
	pages={5998--6008},
	year={2017}
}


@article{choi2018reinforcement,
	author    = {Sungwoon Choi and
	Heonseok Ha and
	Uiwon Hwang and
	Chanju Kim and
	Jung{-}Woo Ha and
	Sungroh Yoon},
	title     = {Reinforcement Learning based Recommender System using Biclustering
	Technique},
	journal   = {CoRR},
	volume    = {abs/1801.05532},
	year      = {2018},
	url       = {http://arxiv.org/abs/1801.05532},
	archivePrefix = {arXiv},
	eprint    = {1801.05532}
}

@inproceedings{munemasa2018deep,
	title={Deep reinforcement learning for recommender systems},
	author={Munemasa, Isshu and Tomomatsu, Yuta and Hayashi, Kunioki and Takagi, Tomohiro},
	booktitle={2018 international conference on information and communications technology (icoiact)},
	pages={226--233},
	year={2018},
	organization={IEEE}
}

@inproceedings{zhao2018recommendations,
	title={Recommendations with negative feedback via pairwise deep reinforcement learning},
	author={Zhao, Xiangyu and Zhang, Liang and Ding, Zhuoye and Xia, Long and Tang, Jiliang and Yin, Dawei},
	booktitle={Proceedings of the 24th ACM SIGKDD International Conference on Knowledge Discovery \& Data Mining},
	pages={1040--1048},
	year={2018}
}

@inproceedings{zheng2018drn,
	title={DRN: A deep reinforcement learning framework for news recommendation},
	author={Zheng, Guanjie and Zhang, Fuzheng and Zheng, Zihan and Xiang, Yang and Yuan, Nicholas Jing and Xie, Xing and Li, Zhenhui},
	booktitle={Proceedings of the 2018 World Wide Web Conference},
	pages={167--176},
	year={2018}
}

@inproceedings{chen2018stabilizing,
	title={Stabilizing reinforcement learning in dynamic environment with application to online recommendation},
	author={Chen, Shi-Yong and Yu, Yang and Da, Qing and Tan, Jun and Huang, Hai-Kuan and Tang, Hai-Hong},
	booktitle={Proceedings of the 24th ACM SIGKDD International Conference on Knowledge Discovery \& Data Mining},
	pages={1187--1196},
	year={2018}
}

@inproceedings{cai2018generative,
	title={Generative adversarial network based heterogeneous bibliographic network representation for personalized citation recommendation},
	author={Cai, Xiaoyan and Han, Junwei and Yang, Libin},
	pages     = {5747--5754},
	booktitle={Thirty-second AAAI conference on artificial intelligence},
	year={2018}
}

@inproceedings{wang2018neural,
	title={Neural memory streaming recommender networks with adversarial training},
	author={Wang, Qinyong and Yin, Hongzhi and Hu, Zhiting and Lian, Defu and Wang, Hao and Huang, Zi},
	booktitle={Proceedings of the 24th ACM SIGKDD International Conference on Knowledge Discovery \& Data Mining},
	pages={2467--2475},
	year={2018}
}

@inproceedings{zhang2016collaborative,
	title={Collaborative knowledge base embedding for recommender systems},
	author={Zhang, Fuzheng and Yuan, Nicholas Jing and Lian, Defu and Xie, Xing and Ma, Wei-Ying},
	booktitle={Proceedings of the 22nd ACM SIGKDD international conference on knowledge discovery and data mining},
	pages={353--362},
	year={2016}
}

@inproceedings{wang2016collaborative,
	title={Collaborative recurrent autoencoder: Recommend while learning to fill in the blanks},
	author={Wang, Hao and Xingjian, SHI and Yeung, Dit-Yan},
	booktitle={Advances in Neural Information Processing Systems},
	pages={415--423},
	year={2016}
}

@inproceedings{wang2018supervised,
	title={Supervised reinforcement learning with recurrent neural network for dynamic treatment recommendation},
	author={Wang, Lu and Zhang, Wei and He, Xiaofeng and Zha, Hongyuan},
	booktitle={Proceedings of the 24th ACM SIGKDD International Conference on Knowledge Discovery \& Data Mining},
	pages={2447--2456},
	year={2018}
}

@inproceedings{ebesu2017neural,
	title={Neural citation network for context-aware citation recommendation},
	author={Ebesu, Travis and Fang, Yi},
	booktitle={Proceedings of the 40th International ACM SIGIR conference on Research and Development in Information Retrieval},
	pages={1093--1096},
	year={2017}
}

@inproceedings{zhang2017hashtag,
	title={Hashtag Recommendation for Multimodal Microblog Using Co-Attention Network.},
	author={Zhang, Qi and Wang, Jiawen and Huang, Haoran and Huang, Xuanjing and Gong, Yeyun},
	booktitle={IJCAI},
	pages={3420--3426},
	year={2017}
}

@inproceedings{zhang2017autosvd,
	title={AutoSVD++ An Efficient Hybrid Collaborative Filtering Model via Contractive Auto-encoders},
	author={Zhang, Shuai and Yao, Lina and Xu, Xiwei},
	booktitle={Proceedings of the 40th International ACM SIGIR conference on Research and Development in Information Retrieval},
	pages={957--960},
	year={2017}
}

@inproceedings{li2015deep,
	title={Deep collaborative filtering via marginalized denoising auto-encoder},
	author={Li, Sheng and Kawale, Jaya and Fu, Yun},
	booktitle={Proceedings of the 24th ACM International on Conference on Information and Knowledge Management},
	pages={811--820},
	year={2015}
}

@article{wang2020tdcf,
	title={TDCF: A two-stage deep learning based recommendation model},
	author={Wang, Ruiqin and Cheng, Hsing Kenneth and Jiang, Yunliang and Lou, Jungang},
	journal={Expert Systems with Applications},
	volume={145},
	pages={113116},
	year={2020},
	publisher={Elsevier}
}

@inproceedings{wang2015relational,
	author    = {Hao Wang and
	Xingjian Shi and
	Dit{-}Yan Yeung},
	editor    = {Blai Bonet and
	Sven Koenig},
	title     = {Relational Stacked Denoising Autoencoder for Tag Recommendation},
	booktitle = {Proceedings of the Twenty-Ninth AAAI Conference on Artificial Intelligence},
	pages     = {3052--3058},
	publisher = {{AAAI} Press},
	year      = {2015},
}

%  第三章
@InProceedings{Salakhutdinov2008,
	author    = {Salakhutdinov, Ruslan and Mnih, Andriy},
	title     = {Probabilistic Matrix Factorization},
	pages     = {1257--1264},
	booktitle = {Annual Conference on Neural Information Processing Systems (NIPS)},
	year      = {2008},
}

@Article{Zhang2019,
	author  = {Zhang, Shuai and Yao, Lina and Sun, Aixin and Tay, Yi},
	title   = {Deep learning based recommender system: A survey and new perspectives},
	journal = {ACM Computing Surveys (CSUR)},
	year    = {2019},
	volume  = {52},
	number  = {1},
	pages   = {5},
}

@Article{Schmidhuber2015,
	author    = {Schmidhuber, J{\"u}rgen},
	title     = {Deep learning in neural networks: An overview},
	journal   = {Neural networks},
	year      = {2015},
	volume    = {61},
	pages     = {85--117},
	publisher = {Elsevier},
}

@InProceedings{Wang2015a,
	author    = {Wang, Hao and Wang, Naiyan and Yeung, Dit-Yan},
	title     = {Collaborative Deep Learning for Recommender Systems},
	booktitle = {Proceedings of the ACM SIGKDD International Conference on Knowledge Discovery \& Data Mining (KDD)},
	pages     = {1--10},
	year      = {2015},
}

@article{Wang2016Towards,
	title={Towards Bayesian Deep Learning: A Framework and Some Existing Methods},
	author={Wang, Hao and Yeung, Dit Yan},
	journal={IEEE Transactions on Knowledge \& Data Engineering},
	volume={28},
	number={12},
	pages={3395-3408},
	year={2016},
}

@Article{Zhuang2017,
	author  = {Fuzhen Zhuang and Zhiqiang Zhang and Mingda Qian and Chuan Shi and Xing Xie and Qing He},
	title   = {Representation learning via Dual-Autoencoder for recommendation},
	journal = {Neural Networks},
	year    = {2017},
	volume  = {90},
	pages   = {83--89},
}

@InProceedings{He2017,
	author    = {He, Xiangnan and Liao, Lizi and Zhang, Hanwang and Nie, Liqiang and Hu, Xia and Chua, Tat-Seng},
	title     = {Neural Collaborative Filtering},
	booktitle = {International Conference on World Wide Web (WWW)},
	pages     = {1--10},
	year      = {2017},
}

@InProceedings{Zhou2019,
	author    = {Zhou, Fan and Wen, Zijing and Zhang, Kunpeng and Trajcevski, Goce and Zhong, Ting},
	title     = {Variational Session-based Recommendation Using Normalizing Flows},
	booktitle = {International Conference on World Wide Web (WWW)},
	pages     = {1--10},
	year      = {2019},
}

@InProceedings{Cho2019,
	author    = {Cho, Kyung-Jae and Lee, Yeon-Chang and Han, Kyungsik and Choi, Jaeho and Kim, Sang-Wook},
	title     = {No, That's Not My Feedback: TV Show Recommendation Using Watchable Interval},
	booktitle = {International Conference on Data Engineering (ICDE)},
	pages     = {316--327},
	year      = {2019},
}

@InProceedings{Ma2018,
	author    = {Ma, Chen and Zhang, Yingxue and Wang, Qinglong and Liu, Xue},
	title     = {Point-of-Interest Recommendation: Exploiting Self-Attentive Autoencoders with Neighbor-Aware Influence},
	booktitle = {ACM International Conference on Information and Knowledge Management (CIKM)},
	pages     = {697--706},
	year      = {2018},
}

@InProceedings{Goodfellow2014,
	author    = {Goodfellow, Ian J and Pouget-Abadie, Jean and Mirza, Mehdi and Xu, Bing and Warde-Farley, David and Ozair, Sherjil and Courville, Aaron C and Bengio, Yoshua},
	title     = {Generative Adversarial Nets},
	booktitle = {Annual Conference on Neural Information Processing Systems (NIPS)},
	pages     = {2672--2680},
	year      = {2014},
}

@InProceedings{Kingma2014,
	author    = {Kingma, Diederik P and Welling, Max},
	title     = {Auto-Encoding Variational Bayes},
	booktitle = {International Conference on Learning Representations (ICLR)},
	volume    = {37},
	pages     = {1530--1538},
	year      = {2014},
}

@InProceedings{Wang2017,
	author    = {Wang, Jun and Yu, Lantao and Zhang, Weinan and Gong, Yu and Xu, Yinghui and Wang, Benyou and Zhang, Peng and Zhang, Dell},
	title     = {IRGAN: A Minimax Game for Unifying Generative and Discriminative Information Retrieval Models},
	booktitle = {International Conference on Research and Development in Information Retrieval (SIGIR)},
	pages     = {1--10},
	year      = {2017},
}

@InProceedings{Chae2018,
	author    = {Chae, Dong-Kyu and Kang, Jin-Soo and Kim, Sang-Wook and Lee, Jung-Tae},
	title     = {CFGAN: A Generic Collaborative Filtering Framework based on Generative Adversarial Networks},
	booktitle = {ACM International Conference on Information and Knowledge Management (CIKM)}, 
	pages     = {137--146},
	year      = {2018},
}

@Article{Hochreiter1997,
	author    = {Hochreiter, Sepp and Schmidhuber, J{\"u}rgen},
	title     = {Long short-term memory},
	journal   = {Neural computation},
	year      = {1997},
	volume    = {9},
	number    = {8},
	pages     = {1735--1780},
	publisher = {MIT Press},
}

@article{Chung2014,
	author    = {Junyoung Chung and
	{\c{C}}aglar G{\"{u}}l{\c{c}}ehre and
	KyungHyun Cho and
	Yoshua Bengio},
	title     = {Empirical Evaluation of Gated Recurrent Neural Networks on Sequence
	Modeling},
	journal   = {CoRR},
	volume    = {abs/1412.3555},
	year      = {2014},
	url       = {http://arxiv.org/abs/1412.3555},
	archivePrefix = {arXiv},
	eprint    = {1412.3555}
}

@InProceedings{He2018,
	author    = {He, Xiangnan and Du, Xiaoyu and He, Zhankui and Chua, Tat-Seng},
	title     = {Adversarial Personalized Ranking for Recommendation},
	booktitle = {International Conference on Research and Development in Information Retrieval (SIGIR)},
	pages     = {1--10},
	year      = {2018},
}

@InProceedings{Wang2018,
	author    = {Wang, Qinyong and Yin, Hongzhi and Hu, Zhiting and Lian, Defu and Wang, Hao and Huang, Zi},
	title     = {Neural Memory Streaming Recommender Networks with Adversarial Training},
	booktitle = {Proceedings of the ACM SIGKDD International Conference on Knowledge Discovery \& Data Mining (KDD)},
  	pages     = {2467--2475},
	year      = {2018},
}

@InProceedings{Xie2019,
	Title                    = {Generative Adversarial Network Based Service Recommendation in Heterogeneous Information Networks},
	Author                   = {Xie, Fenfang and Li, Shenghui and Chen, Liang and Xu, Yangjun and Zheng, Zibin},
	Booktitle                = {2019 IEEE International Conference on Web Services (ICWS)},
    pages     = {265--272},
	Year                     = {2019}
}

@InProceedings{Fan2019,
	author    = {Wenqi Fan and Tyler Derr and Yao Ma and Jianping Wang and Jiliang Tang and Qing Li},
	title     = {Deep Adversarial Social Recommendation},
	booktitle = {International Joint Conference on Artificial Intelligence (IJCAI)},
	year      = {2019},
	pages     = {1351--1357},
}

@InProceedings{Li2017a,
	author    = {Li, Xiaopeng and She, James},
	title     = {Collaborative Variational Autoencoder for Recommender Systems},
	booktitle = {Proceedings of the ACM SIGKDD International Conference on Knowledge Discovery \& Data Mining (KDD)},
	pages     = {1--10},
	year      = {2017},
}

@InProceedings{Lee2017,
	author    = {Lee, Wonsung and Song, Kyungwoo and Moon, Il-Chul},
	title     = {Augmented Variational Autoencoders for Collaborative Filtering with Auxiliary Information},
	booktitle = {ACM International Conference on Information and Knowledge Management (CIKM)},
	pages     = {1--10},
	year      = {2017},
}

@InProceedings{Sonderby2016,
	author    = {S{\o}nderby, Casper Kaae and Raiko, Tapani and Maal{\o}e, Lars and S{\o}nderby, S{\o}ren Kaae and Winther, Ole},
	title     = {Ladder Variational Autoencoders},
	booktitle = {Annual Conference on Neural Information Processing Systems (NIPS)},
	pages     = {3738--3746},
	year      = {2016},
}

@InProceedings{Liang2018,
	author    = {Liang, Dawen and Krishnan, Rahul G and Hoffman, Matthew D and Jebara, Tony},
	title     = {Variational Autoencoders for Collaborative Filtering},
	booktitle = {International Conference on World Wide Web (WWW)},
	pages     = {1--10},
	year      = {2018},
}

@InProceedings{Krishnan2018,
	author    = {Krishnan, Rahul G and Liang, Dawen and Hoffman, Matthew D},
	title     = {On the challenges of learning with inference networks on sparse, high-dimensional data},
	booktitle = {The International Conference on Artificial Intelligence and Statistics (AISTATS)},
	volume    = {84},
	pages     = {143--151},
	year      = {2018},
}

@InProceedings{Chen2018,
	Title                    = {A Collective Variational Autoencoder for Top-N Recommendation with Side Information},
	Author                   = {Chen, Yifan and de Rijke, Maarten},
	Booktitle                = {DLRS@RecSys},
	pages     = {1--10},
	Year                     = {2018}
}

@InProceedings{Karamanolakis2018,
	Title                    = {Item Recommendation with Variational Autoencoders and Heterogenous Priors},
	Author                   = {Karamanolakis, Giannis and Cherian, Kevin Raji and Narayan, Ananth Ravi and Yuan, Jie and Da Tang and Jebara, Tony},
	Booktitle                = {DLRS@RecSys},
	pages={10--14},
	Year                     = {2018}
}

@InProceedings{Rezende2015,
	author    = {Rezende, Danilo Jimenez and Mohamed, Shakir},
	title     = {Variational Inference with Normalizing Flows},
	booktitle = {International Conference on Machine Learning (ICML)},
	pages     = {1--10},
	year      = {2015},
}

@InProceedings{Dinh2015,
	author    = {Dinh, Laurent and Krueger, David and Bengio, Yoshua},
	title     = {NICE: Non-linear Independent Components Estimation},
	booktitle = {International Conference on Learning Representations (ICLR)},
	year      = {2015},
}

@InProceedings{Dinh2017,
	author    = {Dinh, Laurent and Sohl-Dickstein, Jascha and Bengio, Samy},
	title     = {Density estimation using Real NVP},
	booktitle = {International Conference on Learning Representations (ICLR)},
	pages     = {1--10},
	year      = {2017},
}

@InProceedings{Kingma2018,
	author    = {Kingma, Diederik P and Dhariwal, Prafulla},
	title     = {Glow: Generative Flow with Invertible 1x1 Convolutions},
	booktitle = {Annual Conference on Neural Information Processing Systems (NIPS)},
	pages     = {10236--10245},
	year      = {2018},
}

@InProceedings{Prenger2018,
	author    = {Prenger, Ryan and Valle, Rafael and Catanzaro, Bryan},
	title     = {WaveGlow: A Flow-based Generative Network for Speech Synthesis},
	booktitle = {IEEE International Conference on Acoustics, Speech and Signal Processing (ICASSP)},
	year      = {2019},
	pages     = {3617--3621},
}

@InProceedings{Kingma2016,
	author    = {Kingma, Diederik P and Salimans, Tim and J{\'o}zefowicz, Rafal and Chen, Xi and Sutskever, Ilya and Welling, Max},
	title     = {Improving Variational Autoencoders with Inverse Autoregressive Flow},
	booktitle = {Annual Conference on Neural Information Processing Systems (NIPS)},
	pages     = {4736--4744},
	year      = {2016},
}

@InProceedings{Papamakarios2017,
	author    = {Papamakarios, George and Pavlakou, Theo and Murray, Iain},
	title     = {Masked Autoregressive Flow for Density Estimation},
	booktitle = {Annual Conference on Neural Information Processing Systems (NIPS)},
	pages     = {1--10},
	year      = {2017},
}
@Article{Oord2016a,
	author  = {van den Oord, A{\"a}ron and Dieleman, Sander and Zen, Heiga and Simonyan, Karen and Vinyals, Oriol and Graves, Alex and Kalchbrenner, Nal and Senior, Andrew W and Kavukcuoglu, Koray},
	title   = {WaveNet: A Generative Model for Raw Audio},
	journal = {arXiv preprint arXiv:1609.03499},	
	volume  = {9},
	pages     = {125},
	year    = {2016},
}

@InProceedings{Oord2016,
	author    = {van den Oord, A{\"a}ron and Kalchbrenner, Nal and Kavukcuoglu, Koray},
	title     = {Pixel Recurrent Neural Networks},
	booktitle = {International Conference on Machine Learning (ICML)},
	volume    = {48},
	pages     = {1747--1756},
	year      = {2016},
}

@InProceedings{Oord2018,
	author    = {van den Oord, A{\"a}ron and Li, Yazhe and Babuschkin, Igor and Simonyan, Karen and Vinyals, Oriol and Kavukcuoglu, Koray and van den Driessche},
	title     = {Parallel WaveNet: Fast High-Fidelity Speech Synthesis},
	booktitle = {International Conference on Machine Learning (ICML)},
	volume    = {80},
	pages     = {3915--3923},
	year      = {2018},
}

@Book{Harville97,
	title     = {Matrix Algebra From a Statistician's Perspective},
	publisher = {Taylor \& Francis Group},
	year      = {1998},
	author    = {D.A. Harville},
}

@Book{Symeonidis2016,
	Title                    = {Matrix and Tensor Factorization Techniques for Recommender Systems},
	Author                   = {Symeonidis, Panagiotis and Zioupos, Andreas},
	Publisher                = {Springer},
	Year                     = {2016}
}

@article{Xiao2018,
	author    = {Teng Xiao and
	Shangsong Liang and
	Hong Shen and
	Zaiqiao Meng},
	title     = {Neural Variational Hybrid Collaborative Filtering},
	journal   = {CoRR},
	volume    = {abs/1810.05376},
	year      = {2018},
	url       = {http://arxiv.org/abs/1810.05376},
	archivePrefix = {arXiv},
	eprint    = {1810.05376}
}


@InProceedings{Huang2018a,
	author    = {Huang, Chin-Wei and Krueger, David and Lacoste, Alexandre and Courville, Aaron C},
	title     = {Neural Autoregressive Flows},
	booktitle = {International Conference on Machine Learning (ICML)},
	volume    = {80},
	pages     = {2083--2092},
	year      = {2018},
}

@InProceedings{Germain2015,
	author    = {Germain, Mathieu and Gregor, Karol and Murray, Iain and Larochelle, Hugo},
	title     = {MADE: Masked Autoencoder for Distribution Estimation},
	booktitle = {International Conference on Machine Learning (ICML)},
	volume    = {37},
	pages     = {881--889},
	year      = {2015},
}

@InProceedings{Wang2011,
	author    = {Wang, Chong and Blei, David M},
	title     = {Collaborative topic modeling for recommending scientific articles},
	booktitle = {Proceedings of the ACM SIGKDD International Conference on Knowledge Discovery \& Data Mining (KDD)},
	pages     = {448--456},
	year      = {2011},
}

@InProceedings{Wang2015,
	author    = {Wang, Pengfei and Guo, Jia and Lan, Yanyan and Xu, Jun and Wan, Shengxian and Cheng, Xueqi},
	title     = {Learning Hierarchical Representation Model for NextBasket Recommendation},
	booktitle = {International Conference on Research and Development in Information Retrieval (SIGIR)},
	pages     = {403--412},
	year      = {2015},
}

@InProceedings{Rendle2009,
	author    = {Rendle, Steffen and Freudenthaler, Christoph and Gantner, Zeno and Schmidt-Thieme, Lars},
	title     = {BPR: Bayesian Personalized Ranking from Implicit Feedback},
	booktitle = {Conference on Uncertainty in Artificial Intelligence (UAI)},
	pages     = {1--10},
	year      = {2009},
}

@InProceedings{John2019,
	author    = {Vineet John and Lili Mou and Hareesh Bahuleyan and Olga Vechtomova},
	title     = {Disentangled Representation Learning for Non-Parallel Text Style Transfer},
	booktitle = {Proceedings of the Conference of the Association for Computational Linguistics (ACL)},
	year      = {2019},
	pages     = {424--434},
}

@InProceedings{Higgins2017,
	author    = {Higgins, Irina and Matthey, Loic and Pal, Arka and Burgess, Christopher and Glorot, Xavier and Botvinick, Matthew and Mohamed, Shakir and Lerchner, Alexander},
	title     = {beta-VAE: Learning Basic Visual Concepts with a Constrained Variational Framework},
	booktitle = {International Conference on Learning Representations (ICLR)},
	journal={Iclr},
	volume={2},
	number={5},
	pages={6},
	year={2017}
}

@Article{LaurensvanderMaaten2008,
	author  = {Laurens van der Maaten, Geoffrey Hinton},
	title   = {Visualizing Data using t-SNE},
	journal = {Journal of machine learning research (JMLR)},
	year    = {2008},
	volume  = {9},
	number  = {Nov},
	pages   = {2579--2605},
}

%第四章WaPOIR
@InProceedings{Ye2011,
	author    = {Ye, Mao and Yin, Peifeng and Lee, Wang-Chien and Lee, Dik-Lun},
	title     = {Exploiting geographical influence for collaborative point-of-interest recommendation},
	booktitle = {Proceedings of the International conference on Research and development in information retrieval (SIGIR)},
	year      = {2011},
	pages     = {325--334},
	publisher = {ACM},
}

@InProceedings{Feng2015,
	Title                    = {Personalized ranking metric embedding for next new POI recommendation},
	Author                   = {Feng, Shanshan and Li, Xutao and Zeng, Yifeng and Cong, Gao and Chee, Yeow Meng and Yuan, Quan},
	Booktitle                = {Proceedings of the AAAI International Conference on Artificial Intelligence},
	Year                     = {2015},
	Pages                    = {2069--2075},
	Publisher                = {AAAI press}
}

@InProceedings{Liu2013,
	author    = {Liu, Bin and Fu, Yanjie and Yao, Zijun and Xiong, Hui},
	title     = {Learning geographical preferences for point-of-interest recommendation},
	booktitle = {Proceedings of the ACM SIGKDD International Conference on Knowledge Discovery \& Data Mining (SIGKDD)},
	year      = {2013},
	pages     = {1043--1051},
	publisher = {ACM},
}

@InProceedings{Yuan2013,
	Title                    = {Time-aware point-of-interest recommendation},
	Author                   = {Yuan, Quan and Cong, Gao and Ma, Zongyang and Sun, Aixin and Thalmann, Nadia Magnenat},
	Booktitle                = {Proceedings of the International conference on Research and development in information retrieval (SIGIR)},
	Year                     = {2013},
	Pages                    = {363-372},
	Publisher                = {ACM}
}

@InProceedings{Lian2014,
	author    = {Lian, Defu and Zhao, Cong and Xie, Xing and Sun, Guangzhong and Chen, Enhong and Rui, Yong},
	title     = {GeoMF: joint geographical modeling and matrix factorization for point-of-interest recommendation},
	booktitle = {Proceedings of the ACM SIGKDD International Conference on Knowledge Discovery \& Data Mining (SIGKDD)},
	year      = {2014},
	pages     = {831--840},
	publisher = {ACM},
}

@InProceedings{Li2015,
	author     = {Li, Xutao and Cong, Gao and Li, Xiao-Li and Pham, Tuan-Anh Nguyen and Krishnaswamy, Shonali},
	title      = {Rank-geofm: A ranking based geographical factorization method for point of interest recommendation},
	booktitle  = {Proceedings of the International conference on Research and development in information retrieval (SIGIR)},
	year       = {2015},
	pages      = {433--442},
	opublisher = {ACM},
}

@InProceedings{Yang2017,
	author    = {Yang, Carl and Bai, Lanxiao and Zhang, Chao and Yuan, Quan and Han, Jiawei},
	title     = {Bridging collaborative filtering and semi-supervised learning: A neural approach for poi recommendation},
	booktitle = {Proceedings of the ACM SIGKDD International Conference on Knowledge Discovery \& Data Mining (SIGKDD)},
	year      = {2017},
	pages     = {1245-1254},
	publisher = {ACM},
}

@Article{Li2011,
	Title                    = {Learning to rank for information retrieval and natural language processing},
	Author                   = {Li, Hang},
	Journal                  = {Journal of Synthesis Lectures on Human Language Technologies},
	Year                     = {2011},
	Number                   = {1},
	Pages                    = {1--113},
	Volume                   = {4},
	
	Publisher                = {Morgan \& Claypool Publishers}
}

@article{GuoJWL17,
	author    = {Lei Guo and
	Haoran Jiang and
	Xinhua Wang and
	Fangai Liu},
	title     = {Learning to Recommend Point-of-Interest with the Weighted Bayesian
	Personalized Ranking Method in LBSNs},
	journal   = {Information},
	volume    = {8},
	number    = {1},
	pages     = {20},
	year      = {2017},
	url       = {https://doi.org/10.3390/info8010020},
	doi       = {10.3390/info8010020}
}

@article{Christoforidis2019,
	author    = {Giannis Christoforidis and
	Pavlos Kefalas and
	Apostolos N. Papadopoulos and
	Yannis Manolopoulos},
	title     = {RELINE: Point-of-Interest Recommendations using Multiple Network
	Embeddings},
	journal   = {CoRR},
	volume    = {abs/1902.00773},
	year      = {2019},
	url       = {http://arxiv.org/abs/1902.00773},
	archivePrefix = {arXiv},
	eprint    = {1902.00773}
}


@Article{Qian2019,
	author  = {Qian, Tieyun and Liu, Bei and Nguyen, Quoc Viet Hung and Yin, Hongzhi},
	title   = {Spatiotemporal Representation Learning for Translation-Based POI Recommendation},
	journal = {ACM Transactions on Information Systems (TOIS)},
	year    = {2019},
	volume  = {37},
	number  = {2},
	pages   = {1--24},
	month   = mar,
}

@InProceedings{Hu2018,
	Title                    = {Leveraging meta-path based context for top-n recommendation with a neural co-attention model},
	Author                   = {Hu, Binbin and Shi, Chuan and Zhao, Wayne Xin and Yu, Philip S},
	Booktitle                = {Proceedings of the ACM SIGKDD International Conference on Knowledge Discovery \& Data Mining (SIGKDD)},
	Year                     = {2018},
	Pages                    = {1531--1540},
	Publisher                = {ACM},
	Volume                   = {48}
}

@article{Papamakarios2019,
	author    = {George Papamakarios and
	Eric T. Nalisnick and
	Danilo Jimenez Rezende and
	Shakir Mohamed and
	Balaji Lakshminarayanan},
	title     = {Normalizing Flows for Probabilistic Modeling and Inference},
	journal   = {CoRR},
	volume    = {abs/1912.02762},
	year      = {2019},
	url       = {http://arxiv.org/abs/1912.02762},
	archivePrefix = {arXiv},
	eprint    = {1912.02762}
}

@InProceedings{Li2017,
	author    = {Li, Xiaopeng and She, James},
	title     = {Collaborative variational autoencoder for recommender systems},
	booktitle = {Proceedings of the ACM SIGKDD International Conference on Knowledge Discovery \& Data Mining (SIGKDD)},
	year      = {2017},
	pages     = {305--314},
	publisher = {ACM},
}

@InProceedings{Chudzicki2015,
	author    = {Chudzicki, Christopher and Pritchard, David E. and Chen, Zhongzhou},
	title     = {GeoSoCa: Exploiting Geographical, Social and Categorical Correlations for Point-of-Interest Recommendations},
	booktitle = {Proceedings of the International conference on Research and development in information retrieval (SIGIR)},
	year      = {2015},
	pages     = {443-452},
	publisher = {ACM},
}

@Article{Clement2008,
	Title                    = {An Elementary Proof of the Triangle Inequality for the Wasserstein Metric},
	Author                   = {Clement, Philippe and Desch, Wolfgang},
	Journal                  = {Proceedings of the American Mathematical Society},
	Year                     = {2008},
	Pages                    = {333--339},
	volume                   = {2},
	Publisher                = {JSTOR}
}

@InProceedings{Gao2012,
	Title                    = {Exploring social-historical ties on location-based social networks},
	Author                   = {Gao, Huiji and Tang, Jiliang and Liu, Huan},
	Booktitle                = {Proceedings of the AAAI International Conference on Weblogs and Social Media},
	Year                     = {2012},
	Pages                    = {114-121},
	Publisher                = {AAAI press}
}

@InProceedings{Liu2014,
	author    = {Liu, Yong and Wei, Wei and Sun, Aixin and Miao, Chunyan},
	title     = {Exploiting geographical neighborhood characteristics for location recommendation},
	booktitle = {Proceedings of the International Conference on Information and Knowledge Management (CIKM)},
	year      = {2014},
	pages     = {739--748},
	publisher = {ACM},
}

@InProceedings{Xie2016,
	author    = {Xie, Min and Yin, Hongzhi and Wang, Hao and Xu, Fanjiang and Chen, Weitong and Wang, Sen},
	title     = {Learning graph-based poi embedding for location-based recommendation},
	booktitle = {Proceedings of the International Conference on Information and Knowledge Management (CIKM)},
	year      = {2016},
	pages     = {15--24},
	publisher = {ACM},
}

@InProceedings{Zhu2018,
	author    = {Zhu, Dingyuan and Cui, Peng and Wang, Daixin and Zhu, Wenwu},
	title     = {Deep Variational Network Embedding in Wasserstein Space},
	booktitle = {Proceedings of the ACM SIGKDD International Conference on Knowledge Discovery \& Data Mining (SIGKDD)},
	year      = {2018},
	pages     = {2594--2603},
}

@InProceedings{Mnih2008,
	author    = {Mnih, Andriy and Salakhutdinov, Ruslan R},
	title     = {Probabilistic matrix factorization},
	booktitle = {Advances in neural information processing systems (NIPS)},
	year      = {2008},
	pages     = {1257--1264},
}

@InProceedings{Park2013,
	Title                    = {Hierarchical Bayesian matrix factorization with side information},
	Author                   = {Park, Sunho and Kim, Yong-Deok and Choi, Seungjin},
	Booktitle                = {Proceedings of the International Joint Conference on Artificial Intelligence (IJCAI)},
	Year                     = {2013},
	Pages                    = {1593--1599}
}

@inproceedings{Rezende2014,
	author    = {Danilo Jimenez Rezende and
	Shakir Mohamed and
	Daan Wierstra},
	title     = {Stochastic Backpropagation and Approximate Inference in Deep Generative
	Models},
	booktitle = {Proceedings of the 31th International Conference on Machine Learning},
	series    = {{JMLR} Workshop and Conference Proceedings},
	volume    = {32},
	pages     = {1278--1286},
	publisher = {JMLR.org},
	year      = {2014}
}


@Article{Liben-Nowell2007,
	Title                    = {The link-prediction problem for social networks},
	Author                   = {Liben-Nowell, David and Kleinberg, Jon},
	Journal                  = {Journal of the American society for information science and technology},
	Year                     = {2007},
	Number                   = {7},
	Pages                    = {1019--1031},
	Volume                   = {58},
	
	Publisher                = {Wiley Online Library}
}

@InProceedings{Tang2015,
	author    = {Tang, Jian and Qu, Meng and Wang, Mingzhe and Zhang, Ming and Yan, Jun and Mei, Qiaozhu},
	title     = {Line: Large-scale information network embedding},
	booktitle = {Proceedings of the international conference on world wide web (WWW)},
	year      = {2015},
	pages     = {1067--1077},
	publisher = {ACM},
}

@Article{Givens1984,
	Title                    = {A class of Wasserstein metrics for probability distributions},
	Author                   = {Givens, Clark R and Shortt, Rae Michael and others},
	Journal                  = {Journal of the Michigan Mathematical},
	Year                     = {1984},
	Number                   = {2},
	Pages                    = {231--240},
	Volume                   = {31},
	
	Publisher                = {The University of Michigan}
}

@InProceedings{Tolstikhin2018,
	author    = {Tolstikhin, Ilya and Bousquet, Olivier and Gelly, Sylvain and Schoelkopf, Bernhard},
	title     = {Wasserstein Auto-Encoders},
	booktitle = {Proceedings of the International Conference on Learning Representations (ICLR)},
	year      = {2018},
}

@InProceedings{Ma2014,
	author       = {Ma, Hao},
	title        = {On measuring social friend interest similarities in recommender systems},
	booktitle    = {Proceedings of the International conference on Research and development in information retrieval (SIGIR)},
	year         = {2014},
	pages        = {465--474},
	organization = {ACM},
}

@Article{Liu2017,
	Title                    = {An experimental evaluation of point-of-interest recommendation in location-based social networks},
	Author                   = {Liu, Yiding and Pham, Tuan-Anh Nguyen and Cong, Gao and Yuan, Quan},
	Journal                  = {Proceedings of the VLDB Endowment},
	Year                     = {2017},
	Number                   = {10},
	Pages                    = {1010--1021},
	Volume                   = {10},
	
	Publisher                = {VLDB Endowment}
}


