# 第一章
@inproceedings{sculley2007relaxed,
  title={Relaxed online SVMs for spam filtering},
  author={Sculley, David and Wachman, Gabriel M},
  booktitle={Proceedings of the 30th annual international ACM SIGIR conference on Research and development in information retrieval},
  pages={415--422},
  year={2007}
}

@article{saif2016contextual,
  title={Contextual semantics for sentiment analysis of Twitter},
  author={Saif, Hassan and He, Yulan and Fernandez, Miriam and Alani, Harith},
  journal={Information Processing \& Management},
  volume={52},
  number={1},
  pages={5--19},
  year={2016},
  publisher={Elsevier}
}

@article{xu2018powerful,
  title={How powerful are graph neural networks?},
  author={Xu, Keyulu and Hu, Weihua and Leskovec, Jure and Jegelka, Stefanie},
  journal={arXiv preprint arXiv:1810.00826},
  year={2018}
}

@article{cai2018comprehensive,
  title={A comprehensive survey of graph embedding: Problems, techniques, and applications},
  author={Cai, Hongyun and Zheng, Vincent W and Chang, Kevin Chen-Chuan},
  journal={IEEE Transactions on Knowledge and Data Engineering},
  volume={30},
  number={9},
  pages={1616--1637},
  year={2018},
  publisher={IEEE}
}

@article{wu2020comprehensive,
  title={A comprehensive survey on graph neural networks},
  author={Wu, Zonghan and Pan, Shirui and Chen, Fengwen and Long, Guodong and Zhang, Chengqi and Philip, S Yu},
  journal={IEEE Transactions on Neural Networks and Learning Systems},
  year={2020},
  publisher={IEEE}
}

@article{zhou2018graph,
  title={Graph neural networks: A review of methods and applications},
  author={Zhou, Jie and Cui, Ganqu and Zhang, Zhengyan and Yang, Cheng and Liu, Zhiyuan and Wang, Lifeng and Li, Changcheng and Sun, Maosong},
  journal={arXiv preprint arXiv:1812.08434},
  year={2018}
}

@article{li2015gated,
  title={Gated graph sequence neural networks},
  author={Li, Yujia and Tarlow, Daniel and Brockschmidt, Marc and Zemel, Richard},
  journal={arXiv preprint arXiv:1511.05493},
  year={2015}
}

@article{velivckovic2017graph,
  title={Graph attention networks},
  author={Veli{\v{c}}kovi{\'c}, Petar and Cucurull, Guillem and Casanova, Arantxa and Romero, Adriana and Lio, Pietro and Bengio, Yoshua},
  journal={arXiv preprint arXiv:1710.10903},
  year={2017}
}

@article{kipf2016semi,
  title={Semi-supervised classification with graph convolutional networks},
  author={Kipf, Thomas N and Welling, Max},
  journal={arXiv preprint arXiv:1609.02907},
  year={2016}
}


@article{jones1972statistical,
  title={A statistical interpretation of term specificity and its application in retrieval},
  author={Jones, Karen Sparck},
  journal={Journal of documentation},
  year={1972},
  publisher={MCB UP Ltd}
}


@article{mikolov2013efficient,
  title={Efficient estimation of word representations in vector space},
  author={Mikolov, Tomas and Chen, Kai and Corrado, Greg and Dean, Jeffrey},
  journal={arXiv preprint arXiv:1301.3781},
  year={2013}
}


@article{mikolov2013distributed,
  title={Distributed representations of words and phrases and their compositionality},
  author={Mikolov, Tomas and Sutskever, Ilya and Chen, Kai and Corrado, Greg S and Dean, Jeff},
  journal={Advances in neural information processing systems},
  volume={26},
  pages={3111--3119},
  year={2013}
}


@inproceedings{pennington2014glove,
  title={Glove: Global vectors for word representation},
  author={Pennington, Jeffrey and Socher, Richard and Manning, Christopher D},
  booktitle={Proceedings of the 2014 conference on empirical methods in natural language processing (EMNLP)},
  pages={1532--1543},
  year={2014}
}


@article{joulin2016bag,
  title={Bag of tricks for efficient text classification},
  author={Joulin, Armand and Grave, Edouard and Bojanowski, Piotr and Mikolov, Tomas},
  journal={arXiv preprint arXiv:1607.01759},
  year={2016}
}


@article{salehinejad2017recent,
  title={Recent advances in recurrent neural networks},
  author={Salehinejad, Hojjat and Sankar, Sharan and Barfett, Joseph and Colak, Errol and Valaee, Shahrokh},
  journal={arXiv preprint arXiv:1801.01078},
  year={2017}
}
@article{hochreiter1997long,
  title={Long short-term memory},
  author={Hochreiter, Sepp and Schmidhuber, J{\"u}rgen},
  journal={Neural computation},
  volume={9},
  number={8},
  pages={1735--1780},
  year={1997},
  publisher={MIT Press}
}
@article{cho2014learning,
  title={Learning phrase representations using RNN encoder-decoder for statistical machine translation},
  author={Cho, Kyunghyun and Van Merri{\"e}nboer, Bart and Gulcehre, Caglar and Bahdanau, Dzmitry and Bougares, Fethi and Schwenk, Holger and Bengio, Yoshua},
  journal={arXiv preprint arXiv:1406.1078},
  year={2014}
}
@article{schuster1997bidirectional,
  title={Bidirectional recurrent neural networks},
  author={Schuster, Mike and Paliwal, Kuldip K},
  journal={IEEE transactions on Signal Processing},
  volume={45},
  number={11},
  pages={2673--2681},
  year={1997},
  publisher={Ieee}
}
@article{kim2014convolutional,
  title={Convolutional neural networks for sentence classification},
  author={Kim, Yoon},
  journal={arXiv preprint arXiv:1408.5882},
  year={2014}
}
@inproceedings{lai2015recurrent,
  title={Recurrent convolutional neural networks for text classification},
  author={Lai, Siwei and Xu, Liheng and Liu, Kang and Zhao, Jun},
  booktitle={Proceedings of the Twenty-Ninth AAAI Conference on Artificial Intelligence},
  pages={2267--2273},
  year={2015}
}

@inproceedings{wang2018disconnected,
  title={Disconnected recurrent neural networks for text categorization},
  author={Wang, Baoxin},
  booktitle={Proceedings of the 56th Annual Meeting of the Association for Computational Linguistics (Volume 1: Long Papers)},
  pages={2311--2320},
  year={2018}
}
@article{mou2014tbcnn,
  title={TBCNN: A tree-based convolutional neural network for programming language processing},
  author={Mou, Lili and Li, Ge and Jin, Zhi and Zhang, Lu and Wang, Tao},
  journal={arXiv preprint arXiv:1409.5718},
  year={2014},
  publisher={Citeseer}
}
@inproceedings{yao2019graph,
  title={Graph convolutional networks for text classification},
  author={Yao, Liang and Mao, Chengsheng and Luo, Yuan},
  booktitle={Proceedings of the AAAI Conference on Artificial Intelligence},
  volume={33},
  pages={7370--7377},
  year={2019}
}

@inproceedings{vaswani2017attention,
  title={Attention is all you need},
  author={Vaswani, Ashish and Shazeer, Noam and Parmar, Niki and Uszkoreit, Jakob and Jones, Llion and Gomez, Aidan N and Kaiser, {\L}ukasz and Polosukhin, Illia},
  booktitle={Advances in neural information processing systems},
  pages={5998--6008},
  year={2017}
}

@article{devlin2018bert,
  title={Bert: Pre-training of deep bidirectional transformers for language understanding},
  author={Devlin, Jacob and Chang, Ming-Wei and Lee, Kenton and Toutanova, Kristina},
  journal={arXiv preprint arXiv:1810.04805},
  year={2018}
}


@inproceedings{jiang2011target,
  title={Target-dependent twitter sentiment classification},
  author={Jiang, Long and Yu, Mo and Zhou, Ming and Liu, Xiaohua and Zhao, Tiejun},
  booktitle={Proceedings of the 49th annual meeting of the association for computational linguistics: human language technologies},
  pages={151--160},
  year={2011}
}
@article{wagner2014dcu,
  title={DCU: Aspect-based Polarity Classification for SemEval Task 4},
  author={Wagner, Joachim and Arora, Piyush and Cortes, Santiago and Barman, Utsab and Bogdanova, Dasha and Foster, Jennifer and Tounsi, Lamia},
  journal={SemEval 2014},
  pages={223},
  year={2014}
}
@inproceedings{brychcin2014uwb,
  title={Uwb: Machine learning approach to aspect-based sentiment analysis},
  author={Brychc{\'\i}n, Tom{\'a}{\v{s}} and Konkol, Michal and Steinberger, Josef},
  booktitle={Proceedings of the 8th International Workshop on Semantic Evaluation (SemEval 2014)},
  pages={817--822},
  year={2014}
}
@article{tang2015effective,
  title={Effective LSTMs for target-dependent sentiment classification},
  author={Tang, Duyu and Qin, Bing and Feng, Xiaocheng and Liu, Ting},
  journal={arXiv preprint arXiv:1512.01100},
  year={2015}
}
@article{xue2018aspect,
  title={Aspect based sentiment analysis with gated convolutional networks},
  author={Xue, Wei and Li, Tao},
  journal={arXiv preprint arXiv:1805.07043},
  year={2018}
}
@article{huang2019parameterized,
  title={Parameterized convolutional neural networks for aspect level sentiment classification},
  author={Huang, Binxuan and Carley, Kathleen M},
  journal={arXiv preprint arXiv:1909.06276},
  year={2019}
}
@inproceedings{han2019multi,
  title={Multi-attention network for aspect sentiment analysis},
  author={Han, Huiyu and Li, Xiaoge and Zhi, Shuting and Wang, Haoyue},
  booktitle={Proceedings of the 2019 8th International Conference on Software and Computer Applications},
  pages={22--26},
  year={2019}
}
@inproceedings{li2019co,
  title={Co-attention Networks for Aspect-Level Sentiment Analysis},
  author={Li, Haihui and Xue, Yun and Zhao, Hongya and Hu, Xiaohui and Peng, Sancheng},
  booktitle={CCF International Conference on Natural Language Processing and Chinese Computing},
  pages={200--209},
  year={2019},
  organization={Springer}
}
@inproceedings{huang2018aspect,
  title={Aspect level sentiment classification with attention-over-attention neural networks},
  author={Huang, Binxuan and Ou, Yanglan and Carley, Kathleen M},
  booktitle={International Conference on Social Computing, Behavioral-Cultural Modeling and Prediction and Behavior Representation in Modeling and Simulation},
  pages={197--206},
  year={2018},
  organization={Springer}
}
@article{zhang2019aspect,
  title={Aspect-based sentiment classification with aspect-specific graph convolutional networks},
  author={Zhang, Chen and Li, Qiuchi and Song, Dawei},
  journal={arXiv preprint arXiv:1909.03477},
  year={2019}
}
@inproceedings{tang2020dependency,
  title={Dependency graph enhanced dual-transformer structure for aspect-based sentiment classification},
  author={Tang, Hao and Ji, Donghong and Li, Chenliang and Zhou, Qiji},
  booktitle={Proceedings of the 58th Annual Meeting of the Association for Computational Linguistics},
  pages={6578--6588},
  year={2020}
}

@inproceedings{hinton1986learning,
  title={Learning distributed representations of concepts},
  author={Hinton, Geoffrey E and others},
  booktitle={Proceedings of the eighth annual conference of the cognitive science society},
  volume={1},
  pages={12},
  year={1986},
  organization={Amherst, MA}
}


@article{hamilton2017representation,
  title={Representation learning on graphs: Methods and applications},
  author={Hamilton, William L and Ying, Rex and Leskovec, Jure},
  journal={arXiv preprint arXiv:1709.05584},
  year={2017}
}

@article{scarselli2008graph,
  title={The graph neural network model},
  author={Scarselli, Franco and Gori, Marco and Tsoi, Ah Chung and Hagenbuchner, Markus and Monfardini, Gabriele},
  journal={IEEE Transactions on Neural Networks},
  volume={20},
  number={1},
  pages={61--80},
  year={2008},
  publisher={IEEE}
}
@article{battaglia2016interaction,
  title={Interaction networks for learning about objects, relations and physics},
  author={Battaglia, Peter W and Pascanu, Razvan and Lai, Matthew and Rezende, Danilo and Kavukcuoglu, Koray},
  journal={arXiv preprint arXiv:1612.00222},
  year={2016}
}
@inproceedings{zhang2018end,
  title={An end-to-end deep learning architecture for graph classification},
  author={Zhang, Muhan and Cui, Zhicheng and Neumann, Marion and Chen, Yixin},
  booktitle={Proceedings of the AAAI Conference on Artificial Intelligence},
  volume={32},
  number={1},
  year={2018},
  pages={332},
}

@article{bahdanau2014neural,
  title={Neural machine translation by jointly learning to align and translate},
  author={Bahdanau, Dzmitry and Cho, Kyunghyun and Bengio, Yoshua},
  journal={arXiv preprint arXiv:1409.0473},
  year={2014}
}

@article{luong2015effective,
  title={Effective approaches to attention-based neural machine translation},
  author={Luong, Minh-Thang and Pham, Hieu and Manning, Christopher D},
  journal={arXiv preprint arXiv:1508.04025},
  year={2015}
}

@article{lin2017structured,
  title={A structured self-attentive sentence embedding},
  author={Lin, Zhouhan and Feng, Minwei and Santos, Cicero Nogueira dos and Yu, Mo and Xiang, Bing and Zhou, Bowen and Bengio, Yoshua},
  journal={arXiv preprint arXiv:1703.03130},
  year={2017}
}

@incollection{fukushima1982neocognitron,
  title={Neocognitron: A self-organizing neural network model for a mechanism of visual pattern recognition},
  author={Fukushima, Kunihiko and Miyake, Sei},
  booktitle={Competition and cooperation in neural nets},
  pages={267--285},
  year={1982},
  publisher={Springer}
}

@article{krizhevsky2017imagenet,
  title={Imagenet classification with deep convolutional neural networks},
  author={Krizhevsky, Alex and Sutskever, Ilya and Hinton, Geoffrey E},
  journal={Communications of the ACM},
  volume={60},
  number={6},
  pages={84--90},
  year={2017},
  publisher={ACM New York, NY, USA}
}